@software{bastarz/2022,
    author = {Bastarz, Carlos Frederico},
    month = {6},
    title = {GSIBerror: Uma classe para ler e plotar os records da matriz B do Gridpoint Statistical Interpolation (GSI)},
    url = {https://github.com/GAD-DIMNT-CPTEC/GSIBerror},
    version = {1.0.0},
    year = {2022}
}

@article{bastarz/2017,
            author = {Bastarz, Carlos Frederico and Herdies, Dirceu Luis and  Sapucci, Luiz Fernando},
             title = {Matriz de Covariâncias dos Erros de Previsão Aplicada ao Sistema de Assimilação de Dados Global do CPTEC: Experimentos com Observação Única.},
           journal = {Revista Brasileira de Meteorologia [online].},
            volume = {32},
            number = {3},
             pages = {459-472},
              year = {2017},
              url = {https://www.scielo.br/j/rbmet/a/8LQNdCV9jJM9whJdpkDLfCh/abstract/?lang=pt},
              doi = {https://doi.org/10.1590/0102-77863230012}
}

@article{parrishetal/1992,
  title={The National Meteorological Center's spectral-statistical interpolation analysis system},
  author={David F. Parrish and John Derber},
  journal={Monthly Weather Review},
  url = {https://repository.library.noaa.gov/view/noaa/11449},
  year={1992},
  volume={120},
  pages={1747-1763}
}

@article {figueroaetal/2016,
      author = "Silvio N.  Figueroa and José P.  Bonatti and Paulo Y.  Kubota and Georg A.  Grell and Hugh  Morrison and Saulo R. M.  Barros and Julio P. R.  Fernandez and Enver  Ramirez and Leo  Siqueira and Graziela  Luzia and Josiane  Silva and Juliana R.  Silva and Jayant  Pendharkar and Vinicius B.  Capistrano and Débora S.  Alvim and Diego P.  Enoré and Fábio L. R.  Diniz and Praki  Satyamurti and Iracema F. A.  Cavalcanti and Paulo  Nobre and Henrique M. J.  Barbosa and Celso L.  Mendes and Jairo  Panetta",
      title = "The Brazilian Global Atmospheric Model (BAM): Performance for Tropical Rainfall Forecasting and Sensitivity to Convective Scheme and Horizontal Resolution",
      journal = "Weather and Forecasting",
      year = "2016",
      publisher = "American Meteorological Society",
      address = "Boston MA, USA",
      volume = "31",
      number = "5",
      doi = "10.1175/WAF-D-16-0062.1",
      pages=      "1547 - 1572",
      url = "https://journals.ametsoc.org/view/journals/wefo/31/5/waf-d-16-0062_1.xml"
}